
@article{de_leeuw_introduction_2007,
	title = {An introduction to the special volume on {“Psychometrics} in R”},
	volume = {20},
	url = {http://www.jstatsoft.org/v20/i01},
	number = {1},
	journal = {Journal of Statistical Software},
	author = {de Leeuw, Jan and Mair, Patrick},
	year = {2007},
	keywords = {psychology, psychometrics, R, stats},
	pages = {1--5}
},

@book{fox_r_2002,
	edition = {1},
	title = {An R and S Plus Companion to Applied Regression},
	isbn = {0761922792},
	publisher = {Sage Publications, Inc},
	author = {Fox, John},
	month = jun,
	year = {2002}
},

@article{fox_aspects_2009,
	title = {Aspects of the Social Organization and Trajectory of the R Project},
	volume = {1},
	number = {2},
	journal = {The R Journal},
	author = {Fox, John},
	year = {2009},
	keywords = {R, stats},
	pages = {5--13}
},

@book{verzani_getting_2011,
	address = {Cambridge u.a.},
	title = {Getting Started with Rstudio},
	isbn = {1449309038},
	publisher = {{O'Reilly}},
	author = {Verzani, John},
	month = sep,
	year = {2011},
	keywords = {{IDE}, R}
},

@article{wilcoxon_individual_1945,
	title = {Individual Comparisons by Ranking Methods},
	volume = {1},
	doi = {10.2307/3001968},
	number = {6},
	journal = {Biometrics Bulletin},
	author = {Wilcoxon, Frank},
	year = {1945},
	keywords = {non-parametric, stats, tests},
	pages = {80--83}
},

@inproceedings{sarkar_linking_2009,
	address = {Copenhagen, Denmark},
	title = {Linking R and Qt: A new graphics subsystem},
	url = {http://qtinterfaces.r-forge.r-project.org/talks/DSC2009/rqt.pdf},
	booktitle = {Sixth international workshop on Directions in Statistical Computing ({DSC)}},
	author = {Sarkar, Deepayan},
	year = {2009},
	keywords = {R}
},

@article{kasayu_mannwhitney_2001,
	title = {{Mann–Whitney} U test when variances are unequal},
	volume = {61},
	doi = {10.1006/anbe.2001.1691},
	number = {6},
	journal = {Animal Behaviour},
	author = {Kasayu, Eiiti},
	year = {2001},
	keywords = {non-parametric, stats, tests},
	pages = {1247–1249}
},

@article{cohen_multiple_1968,
	title = {Multiple regression as a general data-analytic system.},
	volume = {70},
	issn = {1939-1455, 0033-2909},
	url = {http://psycnet.apa.org/?&fa=main.doiLanding&doi=10.1037/h0026714},
	doi = {10.1037/h0026714},
	number = {6, Pt.1},
	urldate = {2012-01-09},
	journal = {Psychological Bulletin},
	author = {Cohen, Jacob},
	year = {1968},
	keywords = {regression, stats},
	pages = {426--443}
},

@article{mann_test_1947,
	title = {On a test of whether one of two random variables is stochastically larger than the other},
	volume = {18},
	number = {1},
	journal = {The Annals of Mathematical Statistics},
	author = {Mann, Henry B. and Whitney, Donald R.},
	year = {1947},
	keywords = {non-parametric, ordinal, stats, tests},
	pages = {50--60}
},

@book{faraway_practical_2002,
	title = {Practical Regression and Anova using R},
	url = {http://cran.r-project.org/doc/contrib/Faraway-PRA.pdf},
	author = {Faraway, Julian J.},
	year = {2002},
	keywords = {R, regression, stats}
},

@book{r_development_core_team_r:_2011,
	address = {Vienna, Austria},
	title = {R: A language and environment for statistical computing},
	publisher = {R Foundation for Statistical Computing. {ISBN} 3-900051-07-0, {URL} {http://www.R-project.org/}},
	author = {R Development Core Team},
	year = {2011},
	keywords = {R, software}
},

@book{urban_regressionsanalyse:_2008,
	title = {Regressionsanalyse: Theorie, Technik und Anwendung},
	isbn = {9783531156576},
	shorttitle = {Regressionsanalyse},
	language = {de},
	publisher = {{VS} Verlag},
	author = {Urban, Dieter and Mayerl, Jochen},
	month = sep,
	year = {2008},
	keywords = {regression, stats}
},

@article{lawrence_rgtk2:_2010,
	title = {{RGtk2:} A graphical user interface toolkit for R},
	volume = {37},
	url = {http://www.jstatsoft.org/v37/i08/},
	number = {8},
	journal = {Journal of Statistical Software},
	author = {Lawrence, Michael and Temple Lang, Duncan},
	year = {2010},
	keywords = {R},
	pages = {1--52}
},

@article{welch_generalization_1947,
	title = {The Generalization of {`Student's'} Problem when Several Different Population Variances are Involved},
	volume = {34},
	issn = {0006-3444},
	url = {http://www.jstor.org/stable/2332510},
	doi = {10.2307/2332510},
	number = {1/2},
	urldate = {2012-10-18},
	journal = {Biometrika},
	author = {Welch, B. L.},
	month = jan,
	year = {1947},
	keywords = {stats},
	pages = {28--35}
},

@article{nachar_mann-whitney_2008,
	title = {The Mann-Whitney U: A Test for Assessing Whether Two Independent Samples Come from the Same Distribution},
	volume = {4},
	number = {1},
	journal = {Tutorialsin Quantitative Methodsfor Psychology},
	author = {Nachar, Nadim},
	year = {2008},
	keywords = {non-parametric, stats, tests, wilcoxon},
	pages = {13--20}
},

@article{fox_r_2005,
	title = {The R Commander: A Basic-Statistics Graphical User Interface to R},
	volume = {14},
	number = {9},
	journal = {Journal of Statistical Software},
	author = {Fox, John},
	year = {2005},
	keywords = {R, software, stats},
	pages = {1--42}
}